\begin{thebibliography}{9}
@book{duraluminium,
    author = {Leslie Lamport},
    year = {1994},
    title = https://pl.wikipedia.org/wiki/G%C4%99sto%C5%9B%C4%87,
    publisher = {Addison Wesley},
    address = {Massachusetts},
    edition = {2}
}
\bibitem{duraluminium}
https://www.engineersedge.com/materials/densities_of_metals_and_elements_table_13976.htm

\bibitem{WikiGęstość}
https://pl.wikipedia.org/wiki/G%C4%99sto%C5%9B%C4%87
\end{thebibliography}